@inproceedings{DBLP:conf/esann/KrizhevskyH11,
  author    = {Alex Krizhevsky and
               Geoffrey E. Hinton},
  title     = {Using very deep autoencoders for content-based image retrieval},
  booktitle = {{ESANN} 2011, 19th European Symposium on Artificial Neural Networks,
               Bruges, Belgium, April 27-29, 2011, Proceedings},
  year      = {2011},
  crossref  = {DBLP:conf/esann/2011},
  url       = {https://www.elen.ucl.ac.be/Proceedings/esann/esannpdf/es2011-10.pdf},
  timestamp = {Tue, 29 Jul 2014 17:44:35 +0200},
  biburl    = {http://dblp.org/rec/bib/conf/esann/KrizhevskyH11},
  bibsource = {dblp computer science bibliography, http://dblp.org}
}

@article{DBLP:journals/corr/abs-1709-08855,
  author    = {Mohammad Haris Baig and
               Vladlen Koltun and
               Lorenzo Torresani},
  title     = {Learning to Inpaint for Image Compression},
  journal   = {CoRR},
  volume    = {abs/1709.08855},
  year      = {2017},
  url       = {http://arxiv.org/abs/1709.08855},
  archivePrefix = {arXiv},
  eprint    = {1709.08855},
  timestamp = {Thu, 05 Oct 2017 09:43:03 +0200},
  biburl    = {http://dblp.org/rec/bib/journals/corr/abs-1709-08855},
  bibsource = {dblp computer science bibliography, http://dblp.org}
}

@article{DBLP:journals/corr/TodericiOHVMBCS15,
  author    = {George Toderici and
               Sean M. O'Malley and
               Sung Jin Hwang and
               Damien Vincent and
               David Minnen and
               Shumeet Baluja and
               Michele Covell and
               Rahul Sukthankar},
  title     = {Variable Rate Image Compression with Recurrent Neural Networks},
  journal   = {CoRR},
  volume    = {abs/1511.06085},
  year      = {2015},
  url       = {http://arxiv.org/abs/1511.06085},
  archivePrefix = {arXiv},
  eprint    = {1511.06085},
  timestamp = {Wed, 07 Jun 2017 14:42:31 +0200},
  biburl    = {http://dblp.org/rec/bib/journals/corr/TodericiOHVMBCS15},
  bibsource = {dblp computer science bibliography, http://dblp.org}
}

@article{DBLP:journals/corr/TodericiVJHMSC16,
  author    = {George Toderici and
               Damien Vincent and
               Nick Johnston and
               Sung Jin Hwang and
               David Minnen and
               Joel Shor and
               Michele Covell},
  title     = {Full Resolution Image Compression with Recurrent Neural Networks},
  journal   = {CoRR},
  volume    = {abs/1608.05148},
  year      = {2016},
  url       = {http://arxiv.org/abs/1608.05148},
  archivePrefix = {arXiv},
  eprint    = {1608.05148},
  timestamp = {Wed, 07 Jun 2017 14:42:29 +0200},
  biburl    = {http://dblp.org/rec/bib/journals/corr/TodericiVJHMSC16},
  bibsource = {dblp computer science bibliography, http://dblp.org}
}



